<?xml version="1.0" encoding="UTF-8"?><collection xmlns="http://www.loc.gov/MARC21/slim"><record><leader>00415nam--2200133-i-4500</leader><controlfield tag="001">000031162</controlfield><controlfield tag="002">20161230</controlfield><controlfield tag="005">20161230201038</controlfield><controlfield tag="008">060222s1000------------r-----000-0-eng-d</controlfield><datafield ind1=" " ind2=" " tag="080"><subfield code="a">621.3.024/025:621.313.2/3</subfield></datafield><datafield ind1=" " ind2=" " tag="100"><subfield code="a">Loew, A.E</subfield></datafield><datafield ind1=" " ind2=" " tag="245"><subfield code="a">Direct and alternating currents.theory and machinery.third edition, fourth impression</subfield></datafield><datafield ind1=" " ind2=" " tag="260"><subfield code="a">New York, London, Mcgraw-hill Company, Inc., 1946. Xvi+748p</subfield></datafield><datafield ind1=" " ind2=" " tag="852"><subfield code="a">609</subfield></datafield></record></collection>